@Book{DIN-ISO-2533,
  author    = {DIN-Normenausschuss Luft- und Raumfahrt (NL) , Aerospace Standards Committee},
  editor    = {DIN Deutsches Institut für Normung e.V.},
  publisher = {Beuth Verlag GmbH},
  title     = {Normatmosphäre},
  year      = {1979},
  note      = {DIN ISO 2533},
}

@Book{DIN-9300-1,
  author    = {DIN-Normenausschuss Luft- und Raumfahrt (NL) , Aerospace Standards Committee},
  editor    = {DIN Deutsches Institut für Normung e.V.},
  publisher = {Beuth Verlag GmbH},
  title     = {DIN 9300-1},
  year      = {1990},
  note      = {DIN 9300-1},
  comment   = {Die Norm enthält grundlegende Definitionen und behandelt die Bewegungen des Luftfahrzeuges gegenüber der Atmosphäre, die als ruhend oder in translatorischer Bewegung mit gleichbleibender Geschwindigkeit gegenüber der Erde angenommen wird.},
}

@Book{DIN-9300-2,
  author    = {DIN-Normenausschuss Luft- und Raumfahrt (NL) , Aerospace Standards Committee},
  editor    = {DIN Deutsches Institut für Normung e.V.},
  publisher = {Beuth Verlag GmbH},
  title     = {DIN 9300-2},
  year      = {1990},
  note      = {DIN 9300-1},
  comment   = {Die Norm enthält grundlegende Definitionen und behandelt die Bewegungen des Luftfahrzeuges und der Atmosphäre gegenüber der Erde.},
}

@Book{DIN-9300-6,
  author    = {DIN-Normenausschuss Luft- und Raumfahrt (NL) , Aerospace Standards Committee},
  editor    = {DIN Deutsches Institut für Normung e.V.},
  publisher = {Beuth Verlag GmbH},
  title     = {DIN 9300-6},
  year      = {1990},
  note      = {DIN 9300-1},
  comment   = {Die Norm definiert bestimmte Begriffe, die zur geometrischen Beschreibung eines Luftfahrzeuges im Rahmen flugmechanischer Untersuchungen verwendet werden.},
}

@Book{HandbuchDerLuftfahrzeugtechnik,
  author    = {Cord-Christian Rossow / Klaus Wolf},
  editor    = {Peter Horst},
  publisher = {Carl Hanser Verlag München GmbH & Company},
  title     = {Handbuch der Luftfahrzeugtechnik},
  year      = {2014},
  isbn      = {978-3-446-42341-1},
}

@Comment{jabref-meta: databaseType:bibtex;}
